@ARTICLE{Deursen00domain-specificlanguages:Klint,
    author = {Arie Van Deursen and Paul Klint and Joost Visser},
    title = {Domain-Specific Languages: An Annotated Bibliography},
    journal = {ACM SIGPLAN NOTICES},
    year = {2000},
    volume = {35},
    pages = {26--36}
}

@ARTICLE{xml:BHL06,
    author = {Tim Bray, Dave Hollander,Andrew Layman, Richard Tobin},
    title = {Namespaces in XML 1.1 (Second Edition)},
    journal = {W3C Recommendation},
	MONTH = "August",
	YEAR = {2006}
}

@ARTICLE{UUID:Leach,
    author = {P. Leach},
    title = {RFC4122: A Universally Unique IDentifier (UUID) URN Namespace},
    journal = {Network Working Group},
	MONTH = "July",
	YEAR = {2005}
}

@INPROCEEDINGS{dsl:Freeman,
	AUTHOR = "Steve Freeman, Nat Pryce",
	TITLE = "Evolving an embedded domain-specific language in Java",
	BOOKTITLE = "OOPSLA '06 Companion to the 21st ACM SIGPLAN symposium on Object-oriented programming systems, languages, and applications",
	PAGES = "855-865",
	ORGANIZATION = "ACM",
	MONTH = "March", 
	YEAR = {2006}	}

@ARTICLE{OMG:oodbs,
	AUTHOR = "OMG",
	TITLE = "Next-Generation Object Database Standarization",
	JOURNAL = {Mars},
	VOLUME = {},
	NUMBER = {},
	PAGES = {},
	MONTH = "September",
	YEAR = {2007}	}

@ARTICLE{magma:gaylard,
	AUTHOR = "Andrew Gaylard, Brent Pinkney, Mart-Mari Breedt",
	TITLE = "The Magma Database file formats",
	MONTH = "May",
	YEAR = {2006}	}

@ARTICLE{ODRA:sub,
	AUTHOR = "Micha≈Ç Lentner, Kazimierz Subieta",
	TITLE = "ODRA: A Next Generation Object-Oriented Environment for Rapid Database Application Development",
	JOURNAL = {Lecture Notes in Computer Science},
	VOLUME = {4690},
	PAGES = {130-140},
	MONTH = "June",
	YEAR = {2007}	}

@ARTICLE{ooddesign:Schewe,
	AUTHOR = "Klaus-Dieter Schewe, Bernhard Thalheim",
	TITLE = "Principles of Object Oriented Database
Design",
	JOURNAL = {},
	VOLUME = {},
	NUMBER = {},
	PAGES = {},
	MONTH = "March",
	YEAR = {1997}	}
	
@ARTICLE{formal:keh,
	AUTHOR = "Huan-Chao Keh,Timothy K. Shih",
	TITLE = "Formal Specification in Software Reuse Designs:
an Object-Oriented Database Example",
	JOURNAL = {Tamkang Journal of Science and Engineering},
	VOLUME = {1},
	NUMBER = {2},
	PAGES = {97-113},
	MONTH = "August",
	YEAR = {1998}	}

@BOOK{Comp:AhoSethiUllman,
	AUTHOR = "Alfred V. Aho, Ravi Sethi, and Jeffrey D. Ullman",
	TITLE = "Compilers, Principles, Techniques, and Tools",
	PUBLISHER = "Addison-Wesley Publishing Company",
	YEAR = "2007"	}

@BOOK{dynamic:Jodlowski,
	AUTHOR = "Andrzej Jodlowski",
	TITLE = "Dynamic Object Roles in Conceptual Modeling and Databases",
	PUBLISHER = "Ph. D. Thesis",
	YEAR = "2002"	}





